<record><leader>00000cas a22000007a 4500</leader><controlfield tag="001">35823833</controlfield><controlfield tag="008">961031c19499999okuwr n       0    0eng d</controlfield><datafield ind1=" " ind2=" " tag="010"><subfield code="a">sn 96093124 </subfield></datafield><datafield ind1=" " ind2=" " tag="040"><subfield code="a">OBN</subfield><subfield code="b">eng</subfield><subfield code="c">OBN</subfield><subfield code="d">OCLCQ</subfield><subfield code="d">OCLCF</subfield><subfield code="d">OCLCO</subfield></datafield><datafield ind1="1" ind2=" " tag="029"><subfield code="a">AU@</subfield><subfield code="b">000012911364</subfield></datafield><datafield ind1=" " ind2=" " tag="042"><subfield code="a">msc</subfield></datafield><datafield ind1=" " ind2=" " tag="043"><subfield code="a">n-us-ok</subfield></datafield><datafield ind1="0" ind2="4" tag="245"><subfield code="a">The Big pasture news.</subfield></datafield><datafield ind1="3" ind2=" " tag="246"><subfield code="a">Grandfields big pasture news</subfield></datafield><datafield ind1=" " ind2=" " tag="260"><subfield code="a">Grandfield, Okla. :</subfield><subfield code="b">J.J. Patterson, B.F. Patterson</subfield></datafield><datafield ind1=" " ind2=" " tag="300"><subfield code="a">v.</subfield></datafield><datafield ind1=" " ind2=" " tag="310"><subfield code="a">Weekly</subfield></datafield><datafield ind1="0" ind2=" " tag="362"><subfield code="a">Vol. 41, no. 38 (Feb. 24, 1949)-</subfield></datafield><datafield ind1=" " ind2="0" tag="651"><subfield code="a">Grandfield (Okla.)</subfield><subfield code="v">Newspapers.</subfield></datafield><datafield ind1=" " ind2="0" tag="651"><subfield code="a">Tillman County (Okla.)</subfield><subfield code="v">Newspapers.</subfield></datafield><datafield ind1=" " ind2="7" tag="655"><subfield code="a">Newspapers.</subfield><subfield code="2">fast</subfield><subfield code="0">(OCoLC)fst01423814</subfield></datafield><datafield ind1=" " ind2="7" tag="651"><subfield code="a">Oklahoma</subfield><subfield code="z">Grandfield.</subfield><subfield code="2">fast</subfield><subfield code="0">(OCoLC)fst01227069</subfield></datafield><datafield ind1=" " ind2="7" tag="651"><subfield code="a">Oklahoma</subfield><subfield code="z">Tillman County.</subfield><subfield code="2">fast</subfield><subfield code="0">(OCoLC)fst01223287</subfield></datafield><datafield ind1=" " ind2=" " tag="752"><subfield code="a">United States</subfield><subfield code="b">Oklahoma</subfield><subfield code="c">Tillman</subfield><subfield code="d">Grandfield.</subfield></datafield><datafield ind1="0" ind2="0" tag="780"><subfield code="t">Grandfield enterprise</subfield><subfield code="w">(DLC)sn 96093123</subfield><subfield code="w">(OCoLC)35823777</subfield></datafield></record>